% Encoding: UTF-8
[code language=”latex”]

@incollection{hevner2010,
	title={Design science research in information systems},
	author={Hevner, Alan and Chatterjee, Samir},
	booktitle={Design research in information systems},
	pages={9--22},
	year={2010},
	publisher={Springer}
}

@book{bonat2009,
	title={Metodologia da pesquisa},
	author={Bonat, Debora},
	year={2009},
	publisher={IESDE BRASIL SA}
}

@article{peffers2007,
	title={A design science research methodology for information systems research},
	author={Peffers, Ken and Tuunanen, Tuure and Rothenberger, Marcus A and Chatterjee, Samir},
	journal={Journal of management information systems},
	volume={24},
	number={3},
	pages={45--77},
	year={2007},
	publisher={Taylor \& Francis}
}

@book{dresch2015,
	title      = {Design science research: a method for science and technology advancement},
	year       = {2015},
	author     = {Dresch, Aline and Lacerda, Daniel Pacheco and Antunes, José Antônio Valle},
	isbn       = {978-3-319-07373-6},
	note       = {{OCLC}: 903354350},
	shorttitle = {Design science research},
}

@article{romme2003,
	title = {Making a {Difference}: {Organization} as {Design}},
	volume = {14},
	issn = {1047-7039, 1526-5455},
	shorttitle = {Making a {Difference}},
	doi = {10.1287/orsc.14.5.558.16769},
	language = {en},
	number = {5},
	urldate = {2018-09-25},
	journal = {Organization Science},
	author = {Romme, A. Georges L.},
	month = oct,
	year = {2003},
	pages = {558--573}
}

@article{vanaken2005,
	title = {Management {Research} as a {Design} {Science}: {Articulating} the {Research} {Products} of {Mode} 2 {Knowledge} {Production} in {Management}},
	volume = {16},
	issn = {1045-3172, 1467-8551},
	shorttitle = {Management {Research} as a {Design} {Science}},
	doi = {10.1111/j.1467-8551.2005.00437.x},
	language = {en},
	number = {1},
	urldate = {2018-09-25},
	journal = {British Journal of Management},
	author = {van Aken, Joan Ernst},
	month = mar,
	year = {2005},
	pages = {19--36}
}

@article{vanaken2004,
	title = {Management {Research} {Based} on the {Paradigm} of the {Design} {Sciences}: {The} {Quest} for {Field}-{Tested} and {Grounded} {Technological} {Rules}: {Paradigm} of the {Design} {Sciences}},
	volume = {41},
	issn = {00222380, 14676486},
	shorttitle = {Management {Research} {Based} on the {Paradigm} of the {Design} {Sciences}},
	doi = {10.1111/j.1467-6486.2004.00430.x},
	language = {en},
	number = {2},
	urldate = {2018-09-25},
	journal = {Journal of Management Studies},
	author = {van Aken, Joan Ernst},
	month = feb,
	year = {2004},
	pages = {219--246}
}

@article{hevner2004,
	author       = {Hevner, Alan R and March, Salvatore T and Park, Jinsoo and Ram, Sudha},
	title        = {Design science in information systems research},
	year         = {2004},
	volume       = {28},
	number       = {1},
	pages        = {6},
	journaltitle = {Management Information Systems Quarterly},
}

@article{sato2018,
	title={Product Development, Digital Manufacturing, and Product Manufacturing Information: A Bibliometric and Systemic Analysis},
	author={Sato, Roberto Shigueru and Borsato, Milton and Iaksch, Jaqueline Sebastiany and Fernandes, Ederson Carvalhar and Oliveira, Kaio Vasconcelos},
	journal={Procedia Manufacturing},
	year={2019},
	publisher={ELSEVIER},
	doi ={ 10.1016/j.promfg.2018.10.035}
}



@book{pmi2013,
	address = {Newtown Square, Pennsylvania},
	edition = {Fifth edition},
	title = {A guide to the project management body of knowledge ({PMBOK} guide)},
	isbn = {978-1-935589-67-9},
	publisher = {Project Management Institute, Inc},
	editor = {{PMI}, {{Project} {Management} {Institute}}},
	year = {2013},
}

@book{asme2012,
	title = {{ASME} {Y}14.41-2012: Digital product definition data practices: engineering drawing and related documentation practices},
	isbn = {978-0-7918-3407-7},
	shorttitle = {Digital product definition data practices},
	language = {English},
	author = {{ASME}, {{American} {Society} {of} {Mechanical} {Engineers}}},
	year = {2012},
	note = {OCLC: 922008874}
}


@book{iso2015,
	title = {{ISO} 16792-2015: {Technical} product documentation—{Digital} product definition data practices},
	author = {ISO, {{International} {Organization} {for} {Standardization}}},
	editor={{International} {Organization} {for} {Standardization}},
	year = {2015}
}


@techreport{iso2017,
	title = {{ISO} 1101-2017: {Geometrical} product specifications ({GPS}) — {Geometrical} tolerancing — {Tolerances} of form, orientation, location and run-out},
	author = {International Organization for Standardization, ISO},
	year = {2017}
}

@book{asme2009,
	address = {New York},
	title = {{ASME} {Y}14.5-2009: {Dimensioning} and tolerancing : engineering drawing and related documentation practices.},
	isbn = {978-0-7918-3192-2},
	shorttitle = {{ASME} {Y}14.5-2009},
	language = {English},
	publisher = {ASME},
	author = {{ASME}, {{American} {Society} {of} {Mechanical} {Engineers}}},
	year = {2009},
	note = {OCLC: 932731770}
}


@article{strong1997,
	title = {10 potholes in the road to information quality},
	volume = {30},
	issn = {00189162},
	doi = {10.1109/2.607057},
	number = {8},
	urldate = {2018-10-23},
	journal = {Computer},
	author = {Strong, D.M. and Lee, Y.W. and Wang, R.Y.},
	month = aug,
	year = {1997},
	pages = {38--46}
}

@article{frechette2013,
	title = {Strategy for {Testing} {Conformance} to {Geometric} {Dimensioning} \& {Tolerancing} {Standards}},
	volume = {10},
	issn = {22128271},
	doi = {10.1016/j.procir.2013.08.033},
	language = {en},
	urldate = {2018-10-22},
	journal = {Procedia CIRP},
	author = {Frechette, S.P. and Jones, A.T. and Fischer, B.R.},
	year = {2013},
	pages = {211--215}
}


@article{lipman2015,
	title = {Conformance checking of {PMI} representation in {CAD} model {STEP} data exchange files},
	volume = {66},
	issn = {00104485},
	doi = {10.1016/j.cad.2015.04.002},
	language = {en},
	urldate = {2018-10-22},
	journal = {Computer-Aided Design},
	author = {Lipman, Robert and Lubell, Joshua},
	month = sep,
	year = {2015},
	pages = {14--23}
}


@phdthesis{bauch2004,
	title = {Lean {Product} {Development}: {Making} waste transparent},
	language = {English},
	school = {Massachusetts Institute of  Technology},
	author = {Bauch, Christoph},
	year = {2004}
}

@book{rozenfeld2007,
	title      = {Gestão de desenvolvimento de produtos: uma referência para a melhoria do processo},
	publisher  = {Editora Saraiva},
	year       = {2007},
	author     = {Rozenfeld, Henrique and Forcellini, Fernando Antônio and Amaral, Daniel Capaldo and Toledo, José Carlos de and Silva, Sergio Luis da and Alliprandini, Dário Henrique and Scalice, Régis Kovacs},
	isbn       = {978-85-02-05446-2},
	note       = {{OCLC}: 457516054},
	location   = {São Paulo},
	shorttitle = {Gestão de desenvolvimento de produtos},
}

@article{koen2001,
	title={Providing clarity and a common language to the “fuzzy front end”},
	author={Koen, Peter and Ajamian, Greg and Burkart, Robert and Clamen, Allen and Davidson, Jeffrey and D'Amore, Robb and Elkins, Claudia and Herald, Kathy and Incorvia, Michael and Johnson, Albert and others},
	journal={Research-Technology Management},
	volume={44},
	number={2},
	pages={46--55},
	year={2001},
	publisher={Taylor \& Francis}
}

@book{pahl2013,
	title={Engineering design: a systematic approach},
	author={Pahl, Gerhard and Beitz, Wolfgang},
	year={2013},
	publisher={Springer Science \& Business Media}
}

@article{fang2016,
	title={Closed Loop PMI Driven Dimensional Quality Lifecycle Management Approach for Smart Manufacturing System},
	author={Fang, Frank Zhigang and Li, Zhaoyan and Arokiam, Alan and Gorman, Terry},
	journal={Procedia CIRP},
	volume={56},
	pages={614--619},
	year={2016},
	publisher={Elsevier}
}

@book{eastman2012,
	title={Design for X: concurrent engineering imperatives},
	author={Eastman, Charles M},
	year={2012},
	publisher={Springer Science \& Business Media}
}

@article{hedberg2016,
	title={Testing the digital thread in support of model-based manufacturing and inspection},
	author={Hedberg, Thomas and Lubell, Joshua and Fischer, Lyle and Maggiano, Larry and Feeney, Allison Barnard},
	journal={Journal of computing and information science in engineering},
	volume={16},
	number={2},
	pages={021001},
	year={2016},
	publisher={American Society of Mechanical Engineers}
}

@article{liu2013,
	title={Identifying helpful online reviews: a product designer’s perspective},
	author={Liu, Ying and Jin, Jian and Ji, Ping and Harding, Jenny A and Fung, Richard YK},
	journal={Computer-Aided Design},
	volume={45},
	number={2},
	pages={180--194},
	year={2013},
	publisher={Elsevier}
}

@article{liker2006,
	title={The Toyota way in services: the case of lean product development},
	author={Liker, Jeffrey K and Morgan, James M},
	journal={Academy of management perspectives},
	volume={20},
	number={2},
	pages={5--20},
	year={2006},
	publisher={Academy of Management Briarcliff Manor, NY 10510}
}

@article{gao2018,
	title={An overview of knowledge sharing in new product development},
	author={Gao, James and Bernard, Alain},
	journal={The International Journal of Advanced Manufacturing Technology},
	volume={94},
	number={5-8},
	pages={1545--1550},
	year={2018},
	publisher={Springer}
}

@article{costa2013,
	title={Systematization of recurrent new product development management problems},
	author={Costa, Janaina MH and Rozenfeld, Henrique and Amaral, Creusa Sayuri Tahara and Marcacinit, Ricardo M and Rezende, Solange Oliveira},
	journal={Engineering Management Journal},
	volume={25},
	number={1},
	pages={19--34},
	year={2013},
	publisher={Taylor \& Francis}
}

@article{ahmed2015,
	title={Interoperability of product and manufacturing information using ontology},
	author={Ahmed, Fahim and Han, Soonhung},
	journal={Concurrent Engineering},
	volume={23},
	number={3},
	pages={265--278},
	year={2015},
	publisher={SAGE Publications Sage UK: London, England}
}

@book{simon1996,
	title={The sciences of the artificial},
	author={Simon, Herbert A},
	year={1996},
	publisher={MIT press}
}

@article{likert1932,
	title={A technique for the measurement of attitudes.},
	author={Likert, Rensis},
	journal={Archives of psychology},
	year={1932}
}

@book{rozenfeld2000,
	title={Gest{\~a}o de desenvolvimento de produtos: uma refer{\^e}ncia para a melhoria do processo},
	author={Rozenfeld, Henrique and Forcellini, Fernando Ant{\^o}nio and Amaral, Daniel Capaldo},
	year={2000},
	publisher={Editora Saraiva}
}

@article{ullman2001,
	title={Robust decision-making for engineering design},
	author={Ullman, David G},
	journal={Journal of Engineering Design},
	volume={12},
	number={1},
	pages={3--13},
	year={2001},
	publisher={Taylor \& Francis}
}

@article{yassine2008,
	title={Managing the exchange of information in product development},
	author={Yassine, Ali A and Sreenivas, Ramavarapu S and Zhu, Jian},
	journal={European Journal of Operational Research},
	volume={184},
	number={1},
	pages={311--326},
	year={2008},
	publisher={Elsevier}
}

@book{womack1991,
  title={The machine that changed the world: the story of lean production},
  author={James P. Womack and Daniel T. Jones and Daniel Roos and Massachusetts Institute of Technology},
  year={1991},
  publisher={Harper Collins}
}

@article{kneebone1998,
  title={Knowledge management in engineering},
  author={KNEEBONE, S},
  journal={Round Table on Knowledge Management, University of Warwick, Coventry, UK},
  year={1998}
}


@article{gatenby1990,
  title={Design for X (DFX): Key to competitive, profitable products},
  author={Gatenby, David A and Foo, George},
  journal={AT\&T Technical Journal},
  volume={69},
  number={3},
  pages={2--13},
  year={1990},
  publisher={Wiley Online Library}
}

@article{keys1990,
  title={System life cycle engineering and DF'X'},
  author={Keys, L Ken},
  journal={IEEE Transactions on Components, Hybrids, and Manufacturing Technology},
  volume={13},
  number={1},
  pages={83--93},
  year={1990},
  publisher={IEEE}
}

@article{meerkamm1994,
  title={Design for X—A core area of design methodology},
  author={Meerkamm, Harald},
  journal={Journal of Engeering Design},
  volume={5},
  number={2},
  pages={165--181},
  year={1994},
  publisher={Taylor \& Francis}
}

@article{stoll1986,
  title={Design for manufacture: an overview},
  author={Stoll, Henry W},
  journal={Applied Mechanics Reviews},
  volume={39},
  number={9},
  pages={1356--1364},
  year={1986},
  publisher={American Society of Mechanical Engineers}
}

@inproceedings{dean1990,
  title={Utilization of design for manufacturing (DFM) techniques},
  author={Dean, Burton V and Salstrom, Roger L},
  booktitle={Engineering Management Conference, 1990. Management Through the Year 2000-Gaining the Competitive Advantage, 1990 IEEE International},
  pages={223--232},
  year={1990},
  organization={IEEE}
}

@article{youssef1994,
  title={Design for manufacturability and time-to-market, Part 1: theoretical foundations},
  author={Youssef, Mohamed A},
  journal={International Journal of Operations \& Production Management},
  volume={14},
  number={12},
  pages={6--21},
  year={1994},
  publisher={MCB UP Ltd}
}

@book{bralla1999,
	address = {New York},
	edition = {2nd ed},
	series = {{McGraw}-{Hill} handbooks},
	title = {Design for manufacturability handbook},
	isbn = {978-0-07-007139-1},
	publisher = {McGraw-Hill},
	editor = {Bralla, James G.},
	year = {1999},
	keywords = {Engineering design, Handbooks, manuals, etc, Production engineering},
	annote = {Rev. ed. of: Handbook of product design for manufacturing. 1986}
}

@article{xiao2018,
  title={Information exchange standards for design, tolerancing and additive manufacturing: a research review},
  author={Xiao, Jinhua and Anwer, Nabil and Durupt, Alexandre and Le Duigou, Julien and Eynard, Beno{\^\i}t},
  journal={International Journal on Interactive Design and Manufacturing (IJIDeM)},
  pages={1--10},
  year={2018},
  publisher={Springer}
}

@Comment{jabref-meta: databaseType:bibtex;}
[/code]-